%% LaTeX2e file `poster.bib'
%% generated by the `filecontents' environment
%% from source `poster' on 2024/06/15.
%%
    @article{franke_ten_2019,
        title = {Ten Years of {BrainAGE} as a Neuroimaging Biomarker of Brain Aging: What Insights Have We Gained?},
        volume = {10},
        issn = {1664-2295},
        url = {https://www.frontiersin.org/article/10.3389/fneur.2019.00789},
        shorttitle = {Ten Years of {BrainAGE} as a Neuroimaging Biomarker of Brain Aging},
        journaltitle = {Frontiers in Neurology},
        author = {Franke, Katja and Gaser, Christian},
        date = {2019}
    }
