@ARTICLE{10.3389/fpubh.2018.00181,
    AUTHOR={Ryan, Joanne  and Fransquet, Peter  and Wrigglesworth, Jo  and Lacaze, Paul },
    TITLE={Phenotypic Heterogeneity in Dementia: A Challenge for Epidemiology and Biomarker Studies},
    JOURNAL={Frontiers in Public Health},
    VOLUME={6},
    YEAR={2018},
    URL={https://www.frontiersin.org/journals/public-health/articles/10.3389/fpubh.2018.00181},
    DOI={10.3389/fpubh.2018.00181},
    ISSN={2296-2565},
}
